<record><leader>00000cas a22000007a 4500</leader><controlfield tag="001">11224003</controlfield><controlfield tag="008">841003d18751923wvucr ne      0    0eng d</controlfield><controlfield tag="009">3768</controlfield><datafield ind1=" " ind2=" " tag="010"><subfield code="a">sn 84038259 </subfield></datafield><datafield ind1=" " ind2=" " tag="040"><subfield code="a">NPX</subfield><subfield code="b">eng</subfield><subfield code="c">NPX</subfield><subfield code="d">WVC</subfield><subfield code="d">DLC</subfield><subfield code="d">OCL</subfield></datafield><datafield ind1="1" ind2=" " tag="029"><subfield code="a">AU@</subfield><subfield code="b">000025819855</subfield></datafield><datafield ind1=" " ind2=" " tag="042"><subfield code="a">msc</subfield></datafield><datafield ind1="0" ind2="0" tag="050"><subfield code="a">Newspaper 10185-X</subfield></datafield><datafield ind1="0" ind2=" " tag="130"><subfield code="a">Parkersburg sentinel (Parkersburg, W.Va. : 1875)</subfield></datafield><datafield ind1="0" ind2="0" tag="245"><subfield code="a">Parkersburg sentinel.</subfield></datafield><datafield ind1="0" ind2="7" tag="246"><subfield code="a">Semi-weekly sentinel</subfield></datafield><datafield ind1="0" ind2="0" tag="246"><subfield code="a">Semiweekly sentinel</subfield></datafield><datafield ind1=" " ind2=" " tag="260"><subfield code="a">Parkersburg, W. Va. :</subfield><subfield code="b">John W. Hornor,</subfield><subfield code="c">1875-</subfield></datafield><datafield ind1=" " ind2=" " tag="300"><subfield code="a">v. ;</subfield><subfield code="c">61-73 cm.</subfield></datafield><datafield ind1=" " ind2=" " tag="310"><subfield code="a">Semiweekly,</subfield><subfield code="b">Mar. 12, 1895-&lt;Feb. 29, 1916&gt;</subfield></datafield><datafield ind1=" " ind2=" " tag="321"><subfield code="a">Weekly,</subfield><subfield code="b">1875-1895</subfield></datafield><datafield ind1="0" ind2=" " tag="362"><subfield code="a">Vol. 1, no. 1 (July 17, 1875)-</subfield></datafield><datafield ind1="1" ind2=" " tag="362"><subfield code="a">Ceased in 1923?</subfield><subfield code="z">Cf. Gregory, W.  Amer. newspapers.</subfield></datafield><datafield ind1=" " ind2=" " tag="500"><subfield code="a">"Our motto is, Cheap meat, Cheap bread, Cheap transportation, and Cheap money."</subfield></datafield><datafield ind1=" " ind2=" " tag="500"><subfield code="a">"Democratic." Cf. Ayer, 1924.</subfield></datafield><datafield ind1=" " ind2=" " tag="500"><subfield code="a">Editor: John W. Hornor, &lt;1876&gt;.</subfield></datafield><datafield ind1=" " ind2=" " tag="580"><subfield code="a">Issued also in daily editions entitled: Parkersburg daily sentinel; and: Parkersburg sentinel (Daily).</subfield></datafield><datafield ind1=" " ind2=" " tag="752"><subfield code="a">United States</subfield><subfield code="b">West Virginia</subfield><subfield code="c">Wood</subfield><subfield code="d">Parkersburg.</subfield></datafield><datafield ind1="1" ind2=" " tag="775"><subfield code="t">Parkersburg daily sentinel</subfield><subfield code="w">(DLC)sn 86092461</subfield></datafield><datafield ind1="1" ind2=" " tag="775"><subfield code="t">Parkersburg sentinel (Parkersburg, W.Va. : 1893)</subfield><subfield code="w">(DLC)sn 86092462</subfield></datafield></record>